<?xml version="1.0" encoding="UTF-8"?><record xmlns="http://www.loc.gov/MARC21/slim" xmlns:cinclude="http://apache.org/cocoon/include/1.0" xmlns:zs="http://www.loc.gov/zing/srw/">
  <leader>00456cz  a2200121n  4500</leader>
  <controlfield tag="001">n  94072968 </controlfield>
  <controlfield tag="003">DLC</controlfield>
  <controlfield tag="005">19940801120232.2</controlfield>
  <controlfield tag="008">940801n| acannaab|          |n aaa |||  </controlfield>
  <datafield tag="010" ind1=" " ind2=" ">
    <subfield code="a">n  94072968 </subfield>
  </datafield>
  <datafield tag="040" ind1=" " ind2=" ">
    <subfield code="a">DLC</subfield>
    <subfield code="c">DLC</subfield>
    <subfield code="d">DLC</subfield>
  </datafield>
  <datafield tag="100" ind1="1" ind2="0">
    <subfield code="a">Hoffmann, Peter,</subfield>
    <subfield code="d">1962-</subfield>
  </datafield>
  <datafield tag="670" ind1=" " ind2=" ">
    <subfield code="a">Verfahrensfolge Laserstrahlschneiden und -schweissen, c1992:</subfield>
    <subfield code="b">t.p. (Peter Hoffmann) p. 185 (b. 7/28/62, NuĚrnberg; Leiter der Abteilung Laserfertigungstechnologie, Univ. Erlangen-NuĚrnberg)</subfield>
  </datafield>
</record>